@inproceedings{DBLP:conf/dcc/ChienHSV08,
  author    = {Yu-Feng Chien and
               Wing-Kai Hon and
               Rahul Shah and
               Jeffrey Scott Vitter},
  title     = {Geometric {B}urrows-{W}heeler Transform: Linking Range Searching
               and Text Indexing},
  booktitle = {DCC},
  year      = {2008},
  pages     = {252-261},
  ee        = {http://doi.ieeecomputersociety.org/10.1109/DCC.2008.67},
  crossref  = {DBLP:conf/dcc/2008},
  bibsource = {DBLP, http://dblp.uni-trier.de}
}
@proceedings{DBLP:conf/dcc/2008,
  title     = {2008 Data Compression Conference (DCC 2008), 25-27 March
               2008, Snowbird, UT, USA},
  booktitle = {DCC},
  publisher = {IEEE Computer Society},
  year      = {2008},
  bibsource = {DBLP, http://dblp.uni-trier.de}
}

@InProceedings{ DBLP:conf/alenex/ArgeDT03,
	author = "Lars Arge and Andrew Danner and Sha-Mayn Teh",
	title = "I/O-efficient Point Location Using Persistent B-Trees",
	booktitle = "ALENEX",
	year = "2003",
	pages = "82--92",
	crossref = "DBLP:conf/alenex/2003",
	bibsource = "DBLP, http://dblp.uni-trier.de"
}

@article{DBLP:journals/talg/ArgeBHY08,
  author    = {Lars Arge and
               Mark de Berg and
               Herman J. Haverkort and
               Ke Yi},
  title     = {The priority R-tree: A practically efficient and worst-case
               optimal R-tree},
  journal   = {ACM Transactions on Algorithms},
  volume    = {4},
  number    = {1},
  year      = {2008},
  ee        = {http://doi.acm.org/10.1145/1328911.1328920},
  bibsource = {DBLP, http://dblp.uni-trier.de}
}


@article{ elib:ayra110,
  author = { Sunil Ayra and
			 David M. Mount and
			 Nathan S. Netanyahu and
			 Ruth Silverman and
			 Angela Y. Wu },
  title = {An Optimal Algorithm for Approximate Nearest Neigbhor Searching Fixed Dimensions},
  journal = {J. ACM},
  volume = {45},
  number = {6},
  year = {1998},
  pages = {891-923}
}

@article{DBLP:journals/jacm/AryaMNSW98,
  author    = {Sunil Arya and
               David M. Mount and
               Nathan S. Netanyahu and
               Ruth Silverman and
               Angela Y. Wu},
  title     = {An Optimal Algorithm for Approximate Nearest Neighbor Searching
               Fixed Dimensions},
  journal   = {J. ACM},
  volume    = {45},
  number    = {6},
  year      = {1998},
  pages     = {891-923},
  ee        = {http://doi.acm.org/10.1145/293347.293348},
  bibsource = {DBLP, http://dblp.uni-trier.de}
}

@misc{ ann_website,
	author = {Sunil Ayra and David M. Mount},
	title = {ANN: A Library for Approximate Nearest Neighbor Searching },
	howpublished = {\url{http://www.cs.umd.edu/~mount/ANN/}}
}

@InProceedings{ DBLP:conf/isaac/BoseM00,
	author = "Prosenjit Bose and Pat Morin",
	title = "An Improved Algorithm for Subdivision Traversal without Extra Storage",
	booktitle = "ISAAC",
	year = "2000",
	pages = "444--455",
	ee = "http://link.springer.de/link/service/series/0558/bibs/1969/19690444.htm",
	crossref = "DBLP:conf/isaac/2000",
	bibsource = "DBLP, http://dblp.uni-trier.de"
}

@article{DBLP:journals/algorithmica/DillabaughHM12,
  author    = {Craig Dillabaugh and
               Meng He and
               Anil Maheshwari},
  title     = {Succinct and {I/O} Efficient Data Structures for Traversal
               in Trees},
  journal   = {Algorithmica},
  volume    = {63},
  number    = {1-2},
  year      = {2012},
  pages     = {201-223},
  ee        = {http://dx.doi.org/10.1007/s00453-011-9528-z},
  bibsource = {DBLP, http://dblp.uni-trier.de}
}

@InProceedings{ DillabaughHM08,
	author = "Craig Dillabaugh and Meng He and Anil Maheshwari",
	title = "Succinct and {I/O} Efficient Data Structures for Traversal in Trees",
	booktitle = "ISAAC",
	year = "2008",
	pages = "112--123",
	ee = "http://dx.doi.org/10.1007/978-3-540-92182-0\\\\_13",
	crossref = "DBLP:conf/isaac/2008",
	bibsource = "DBLP, http://dblp.uni-trier.de"
}

@InProceedings{ DBLP:conf/isaac/DillabaughHMZ09,
	author = "Craig Dillabaugh and Meng He and Anil Maheshwari and Norbert Zeh",
	title = "I/O and Space-Efficient Path Traversal in Planar Graphs",
	booktitle = "ISAAC",
	year = "2009",
	pages = "1175--1184",
	ee = "http://dx.doi.org/10.1007/978-3-642-10631-6\\\\_118",
	crossref = "DBLP:conf/isaac/2009",
	bibsource = "DBLP, http://dblp.uni-trier.de"
}

@inproceedings{DBLP:conf/cccg/Dillabaugh10,
  author    = {Craig Dillabaugh},
  title     = {{I/O} efficient path traversal in well-shaped tetrahedral
               meshes},
  booktitle = {CCCG},
  year      = {2010},
  pages     = {121-124},
  ee        = {http://cccg.ca/proceedings/2010/paper34.pdf},
  crossref  = {DBLP:conf/cccg/2010},
  bibsource = {DBLP, http://dblp.uni-trier.de}
}

@proceedings{DBLP:conf/cccg/2010,
  title     = {Proceedings of the 22nd Annual Canadian Conference on Computational
               Geometry, Winnipeg, Manitoba, Canada, August 9-11, 2010},
  booktitle = {CCCG},
  year      = {2010},
  bibsource = {DBLP, http://dblp.uni-trier.de}
}

@inproceedings{DBLP:conf/cccg/CarufelDM11,
  author    = {Jean-Lou De Carufel and
               Craig Dillabaugh and
               Anil Maheshwari},
  title     = {Point Location in Well-Shaped Meshes Using Jump-and-Walk},
  booktitle = {CCCG},
  year      = {2011},
  ee        = {http://www.cccg.ca/proceedings/2011/papers/paper78.pdf},
  crossref  = {DBLP:conf/cccg/2011},
  bibsource = {DBLP, http://dblp.uni-trier.de}
}

@proceedings{DBLP:conf/cccg/2011,
  title     = {Proceedings of the 23rd Annual Canadian Conference on Computational
               Geometry, Toronto, Ontario, Canada, August 10-12, 2011},
  booktitle = {CCCG},
  year      = {2011},
  ee        = {http://www.cccg.ca/proceedings/2011/},
  bibsource = {DBLP, http://dblp.uni-trier.de}
}



@InProceedings{ DBLP:conf/swat/FarzanM08,
	author = "Arash Farzan and J. Ian Munro",
	title = "A Uniform Approach Towards Succinct Representation of Trees",
	booktitle = "SWAT",
	year = "2008",
	pages = "173--184",
	ee = "http://dx.doi.org/10.1007/978-3-540-69903-3\\\\_17",
	crossref = "DBLP:conf/swat/2008",
	bibsource = "DBLP, http://dblp.uni-trier.de"
}

@inproceedings{DBLP:conf/esa/FarzanM08,
  author    = {Arash Farzan and
               J. Ian Munro},
  title     = {Succinct Representations of Arbitrary Graphs},
  booktitle = {ESA},
  year      = {2008},
  pages     = {393-404},
  ee        = {http://dx.doi.org/10.1007/978-3-540-87744-8_33},
  crossref  = {DBLP:conf/esa/2008},
  bibsource = {DBLP, http://dblp.uni-trier.de}
}

@proceedings{DBLP:conf/esa/2008,
  editor    = {Dan Halperin and
               Kurt Mehlhorn},
  title     = {Algorithms - ESA 2008, 16th Annual European Symposium, Karlsruhe,
               Germany, September 15-17, 2008. Proceedings},
  booktitle = {ESA},
  publisher = {Springer},
  series    = {Lecture Notes in Computer Science},
  volume    = {5193},
  year      = {2008},
  isbn      = {978-3-540-87743-1},
  bibsource = {DBLP, http://dblp.uni-trier.de}
}

@InProceedings{ chsv_2008,
	author = "Yu-Feng Chien and Wing-Kai Hon and Rahul Shah and Jeffrey Scott Vitter",
	title = "Geometric {B}urrows-{W}heeler Transform: Linking Range Searching and Text Indexing",
	booktitle = "DCC",
	year = "2008",
	pages = "252--261",
	ee = "http://doi.ieeecomputersociety.org/10.1109/DCC.2008.67",
	crossref = "DBLP:conf/dcc/2008",
	bibsource = "DBLP, http://dblp.uni-trier.de"
}

@InProceedings{ DBLP:conf/stoc/Yannakakis86,
	author = "Mihalis Yannakakis",
	title = "Four Pages are Necessary and Sufficient for Planar Graphs (Extended Abstract)",
	booktitle = "STOC",
	year = "1986",
	pages = "104--108",
	crossref = "DBLP:conf/stoc/STOC18",
	bibsource = "DBLP, http://dblp.uni-trier.de"
}

@InProceedings{ DBLP:conf/stacs/Hagerup98,
	author = "Torben Hagerup",
	title = "Sorting and Searching on the Word RAM",
	booktitle = "STACS",
	year = "1998",
	pages = "366--398",
	ee = "http://dx.doi.org/10.1007/BFb0028575",
	crossref = "DBLP:conf/stacs/1998",
	bibsource = "DBLP, http://dblp.uni-trier.de"
}

@InProceedings{ DBLP:conf/walcom/YamanakaN08,
	author = "Katsuhisa Yamanaka and Shin-Ichi Nakano",
	title = "A Compact Encoding of Plane Triangulations with Efficient Query Supports",
	booktitle = "WALCOM",
	year = "2008",
	pages = "120--131",
	ee = "http://dx.doi.org/10.1007/978-3-540-77891-2\\\\_12",
	crossref = "DBLP:conf/walcom/2008",
	bibsource = "DBLP, http://dblp.uni-trier.de"
}

@InProceedings{ DBLP:conf/isaac/BarbayAHM07,
	author = "J{\'e}r{\'e}my Barbay and Luca Castelli Aleardi and Meng He and J. Ian Munro",
	title = "Succinct Representation of Labeled Graphs",
	booktitle = "ISAAC",
	year = "2007",
	pages = "316--328",
	ee = "http://dx.doi.org/10.1007/978-3-540-77120-3\\\\_29",
	crossref = "DBLP:conf/isaac/2007",
	bibsource = "DBLP, http://dblp.uni-trier.de"
}

@InProceedings{ DBLP:conf/wads/AleardiDS05,
	author = "Luca Castelli Aleardi and Olivier Devillers and Gilles Schaeffer",
	title = "Succinct Representation of Triangulations with a Boundary",
	booktitle = "WADS",
	year = "2005",
	pages = "134--145",
	ee = "http://dx.doi.org/10.1007/11534273\\\\_13",
	crossref = "DBLP:conf/wads/2005",
	bibsource = "DBLP, http://dblp.uni-trier.de"
}

@article{DBLP:journals/ijfcs/Devillers02,
  author    = {Olivier Devillers},
  title     = {The Delaunay Hierarchy},
  journal   = {Int. J. Found. Comput. Sci.},
  volume    = {13},
  number    = {2},
  year      = {2002},
  pages     = {163-180},
  ee        = {http://dx.doi.org/10.1142/S0129054102001035},
  bibsource = {DBLP, http://dblp.uni-trier.de}
}

@article{DBLP:journals/jea/HaranH08,
  author    = {Idit Haran and
               Dan Halperin},
  title     = {An experimental study of point location in planar arrangements
               in {CGAL}},
  journal   = {ACM Journal of Experimental Algorithmics},
  volume    = {13},
  year      = {2008},
  ee        = {http://doi.acm.org/10.1145/1412228.1412237},
  bibsource = {DBLP, http://dblp.uni-trier.de}
}

@Article{ dem_iac_lan_2004_1,
	AUTHOR = "Erik D. Demaine and John Iacono and Stefan Langerman",
	TITLE = "Worst-Case Optimal Tree Layout in a Memory Hierarchy",
	JOURNAL = "",
	VOLUME = "arXiv:cs/0410048v1 [cs:DS]",
	YEAR = 2004
}

@inproceedings{DBLP:conf/compgeom/MuckeSZ96,
  author    = {Ernst P. M{\"u}cke and
               Isaac Saias and
               Binhai Zhu},
  title     = {Fast Randomized Point Location Without Preprocessing in
               Two- and Three-dimensional Delaunay Triangulations},
  booktitle = {Symposium on Computational Geometry},
  year      = {1996},
  pages     = {274-283},
  ee        = {http://doi.acm.org/10.1145/237218.237396},
  bibsource = {DBLP, http://dblp.uni-trier.de}
}


@Article{ gil_itai_1999_1,
	author = "Joseph Gil and Alon Itai",
	title = "How to Pack Trees",
	journal = "J. Algorithms",
	volume = "32",
	number = "2",
	year = "1999",
	pages = "108--132",
	bibsource = "DBLP, http://dblp.uni-trier.de"
}

@Article{ hutch_mesh_zeh_2003_1,
	AUTHOR = "David A Hutchinson and Anil Maheshwari and Norbert Zeh",
	TITLE = "An external memory data structure for shortest path queries",
	JOURNAL = "Discrete Applied Mathematics",
	VOLUME = 126,
	ISSUE = 1,
	PAGES = "55--82",
	YEAR = 2003
}

@Article{ jac_1989_1,
	AUTHOR = "Guy Jacobson",
	TITLE = "Space-efficient Static Trees and Graphs",
	JOURNAL = "FOCS",
	VOLUME = 42,
	PAGES = "549--554",
	YEAR = 1989
}

@Article{ springerlink:10.1007/BF01955874,
	author = "A. Liu and B. Joe",
	affiliation = "Department of Computing Science University of Alberta T6G 2H1 Edmonton, AB Canada",
	title = "Relationship between tetrahedron shape measures",
	journal = "BIT Numerical Mathematics",
	publisher = "Springer Netherlands",
	issn = "0006-3835",
	keyword = "Mathematics and Statistics",
	pages = "268--287",
	volume = "34",
	issue = "2",
	url = "http://dx.doi.org/10.1007/BF01955874",
	note = "10.1007/BF01955874",
	year = "1994"
}

@Article{ munro_raman_01_1,
	author = "J. Ian Munro and Venkatesh Raman",
	title = "Succinct Representation of Balanced Parentheses and Static Trees",
	journal = "SIAM J. Comput.",
	volume = "31",
	number = "3",
	year = "2001",
	issn = "0097-5397",
	pages = "762--776",
	doi = "http://dx.doi.org/10.1137/S0097539799364092",
	publisher = "Society for Industrial and Applied Mathematics",
	address = "Philadelphia, PA, USA"
}

@Article{ ngv_1996_1,
	author = "Mark H. Nodine and Michael T. Goodrich and Jeffrey Scott Vitter",
	title = "Blocking for External Graph Searching",
	journal = "Algorithmica",
	volume = "16",
	number = "2",
	year = "1996",
	pages = "181--214",
	bibsource = "DBLP, http://dblp.uni-trier.de"
}

@InProceedings{ ram_ram_rao_2002_1,
	author = "Rajeev Raman and Venkatesh Raman and S. Srinivasa Rao",
	title = "Succinct indexable dictionaries with applications to encoding k-ary trees and multisets",
	booktitle = "SODA",
	year = "2002",
	isbn = "0-89871-513-X",
	pages = "233--242"
}

\% publisher = {ACM},
\% address = {New York, NY, USA},
}

\% was agg_vit_88
@article{DBLP:journals/cacm/AggarwalV88,
  author    = "Alok Aggarwal and Vitter, Jeffery Scott",
  title     = {The Input/Output Complexity of Sorting and Related Problems},
  journal   = {Commun. ACM},
  volume    = {31},
  number    = {9},
  year      = {1988},
  pages     = {1116-1127},
  ee        = {http://doi.acm.org/10.1145/48529.48535},
  bibsource = {DBLP, http://dblp.uni-trier.de}
}

@InProceedings{ DBLP:conf/soda/AgarwalAMVV98,
	author = "Pankaj K. Agarwal and Lars Arge and T. M. Murali and Kasturi R. Varadarajan and Jeffrey Scott Vitter",
	title = "{I/O}-Efficient Algorithms for Contour-line Extraction and Planar Graph Blocking (Extended Abstract)",
	booktitle = "SODA",
	year = "1998",
	pages = "117--126",
	bibsource = "DBLP, http://dblp.uni-trier.de"
}

@Article{ alex_djdj_96,
	author = "Lyudmil Aleksandrov and Histro Djidjev",
	title = " Linear Algorithms for Partitioning Embedded Graphs of Bounded Genus ",
	journal = "SIAM Journal on Discrete Mathematics ",
	volume = "9",
	number = "1",
	year = "1996",
	issn = "0895-4801",
	pages = "129--150",
	publisher = " Society for Insustrial and Applied Mathematics ",
	address = "USA"
}

@inproceedings{ DBLP:conf/wads/CallahanGR95,
  author    = {Paul B. Callahan and
               Michael T. Goodrich and
               Kumar Ramaiyer},
  title     = {Topology B-Trees and Their Applications},
  booktitle = {WADS},
  year      = {1995},
  pages     = {381-392},
  crossref  = {DBLP:conf/wads/1995},
  bibsource = {DBLP, http://dblp.uni-trier.de}
}

@proceedings{DBLP:conf/wads/1995,
  editor    = {Selim G. Akl and
               Frank K. H. A. Dehne and
               J{\"o}rg-R{\"u}diger Sack and
               Nicola Santoro},
  title     = {Algorithms and Data Structures, 4th International Workshop,
               WADS '95, Kingston, Ontario, Canada, August 16-18, 1995,
               Proceedings},
  booktitle = {WADS},
  publisher = {Springer},
  series    = {Lecture Notes in Computer Science},
  volume    = {955},
  year      = {1995},
  isbn      = {3-540-60220-8},
  bibsource = {DBLP, http://dblp.uni-trier.de}
}

@Proceedings{ DBLP:conf/alenex/2003,
	editor = "Richard E. Ladner",
	title = "Proceedings of the Fifth Workshop on Algorithm Engineering and Experiments, Baltimore, MD, USA, January 11, 2003",
	booktitle = "ALENEX",
	publisher = "SIAM",
	year = "2003",
	isbn = "0-89871-542-3",
	bibsource = "DBLP, http://dblp.uni-trier.de"
}

@article{DBLP:journals/talg/RamanRS07,
  author    = {Rajeev Raman and
               Venkatesh Raman and
               Srinivasa Rao Satti},
  title     = {Succinct indexable dictionaries with applications to encoding
               {\it k}-ary trees, prefix sums and multisets},
  journal   = {ACM Transactions on Algorithms},
  volume    = {3},
  number    = {4},
  year      = {2007},
  ee        = {http://doi.acm.org/10.1145/1290672.1290680},
  bibsource = {DBLP, http://dblp.uni-trier.de}
}

@article{DBLP:journals/corr/abs-0705-0552,
  author    = {Rajeev Raman and
               Venkatesh Raman and
               Srinivasa Rao Satti},
  title     = {Succinct Indexable Dictionaries with Applications to Encoding
               \$k\$-ary Trees, Prefix Sums and Multisets},
  journal   = {CoRR},
  volume    = {abs/0705.0552},
  year      = {2007},
  ee        = {http://arxiv.org/abs/0705.0552},
  bibsource = {DBLP, http://dblp.uni-trier.de}
}

@Article{ DBLP:journals/algorithmica/BaswanaS02,
	author = "Surender Baswana and Sandeep Sen",
	title = "Planar Graph Blocking for External Searching",
	journal = "Algorithmica",
	volume = "34",
	number = "3",
	year = "2002",
	pages = "298--308",
	ee = "http://link.springer.de/link/service/journals/00453/contents/02/0969/index.html",
	bibsource = "DBLP, http://dblp.uni-trier.de"
}

@Proceedings{ DBLP:conf/isaac/2000,
	editor = "D. T. Lee and Shang-Hua Teng",
	title = "Algorithms and Computation, 11th International Conference, ISAAC 2000, Taipei, Taiwan, December 18-20, 2000, Proceedings",
	booktitle = "ISAAC",
	publisher = "Springer",
	series = "Lecture Notes in Computer Science",
	volume = "1969",
	year = "2000",
	isbn = "3-540-41255-7",
	bibsource = "DBLP, http://dblp.uni-trier.de"
}

@InProceedings{ bchmm_2009,
	author = "Prosenjit Bose and Eric Y. Chen and Meng He and Anil Maheshwari and Pat Morin",
	title = " Succinct Geometric Indexes Supporting Point Location Queries ",
	booktitle = " SODA ",
	year = "2009",
	pages = "635--644"
}

@article{DBLP:journals/talg/BoseCHMM12,
  author    = {Prosenjit Bose and
               Eric Y. Chen and
               Meng He and
               Anil Maheshwari and
               Pat Morin},
  title     = {Succinct geometric indexes supporting point location queries},
  journal   = {ACM Transactions on Algorithms},
  volume    = {8},
  number    = {2},
  year      = {2012},
  pages     = {10},
  ee        = {http://doi.acm.org/10.1145/2151171.2151173},
  bibsource = {DBLP, http://dblp.uni-trier.de}
}


@InProceedings{ aamvv_1998,
	author = "Pankaj K. Agarwal and Lars Arge and T. M. Murali and Kasturi R. Varadarajan and Jeffrey Scott Vitter",
	title = "{I/O}-Efficient Algorithms for Contour-line Extraction and Planar Graph Blocking (Extended Abstract)",
	booktitle = "SODA",
	year = "1998",
	pages = "117--126",
	bibsource = "DBLP, http://dblp.uni-trier.de"
}

@Proceedings{ DBLP:conf/isaac/2008,
	editor = "Seok-Hee Hong and Hiroshi Nagamochi and Takuro Fukunaga",
	title = "Algorithms and Computation, 19th International Symposium, ISAAC 2008, Gold Coast, Australia, December 15-17, 2008. Proceedings",
	booktitle = "ISAAC",
	publisher = "Springer",
	series = "Lecture Notes in Computer Science",
	volume = "5369",
	year = "2008",
	isbn = "978-3-540-92181-3",
	ee = "http://dx.doi.org/10.1007/978-3-540-92182-0",
	bibsource = "DBLP, http://dblp.uni-trier.de"
}

@Proceedings{ DBLP:conf/isaac/2009,
	editor = "Yingfei Dong and Ding-Zhu Du and Oscar H. Ibarra",
	title = "Algorithms and Computation, 20th International Symposium, ISAAC 2009, Honolulu, Hawaii, USA, December 16-18, 2009. Proceedings",
	booktitle = "ISAAC",
	publisher = "Springer",
	series = "Lecture Notes in Computer Science",
	volume = "5878",
	year = "2009",
	isbn = "978-3-642-10630-9",
	ee = "http://dx.doi.org/10.1007/978-3-642-10631-6",
	bibsource = "DBLP, http://dblp.uni-trier.de"
}

@InProceedings{ gold_cormack86,
	author = "Christopher Gold and S Cormack",
	title = "Spatially ordered networks and topographic reconstructions",
	booktitle = "Proceedings 2nd International Symposium on Spatial Data Handling",
	year = "1986",
	pages = "74--85"
}

@InProceedings{ chuang_et_al_1998,
	author = "Richie Chih-Nan Chuang and Ashim Garg and Xin He and Ming-Yang Kao and Hsueh-I Lu",
	title = "Compact Encodings of Planar Graphs via Canonical Orderings and Multiple Parentheses",
	booktitle = "ICALP '98: Proceedings of the 25th International Colloquium on Automata, Languages and Programming",
	year = "1998",
	isbn = "3-540-64781-3",
	pages = "118--129",
	publisher = "Springer-Verlag",
	address = "London, UK"
}

@Proceedings{ DBLP:conf/swat/2008,
	editor = "Joachim Gudmundsson",
	title = "Algorithm Theory - SWAT 2008, 11th Scandinavian Workshop on Algorithm Theory, Gothenburg, Sweden, July 2-4, 2008, Proceedings",
	booktitle = "SWAT",
	publisher = "Springer",
	series = "Lecture Notes in Computer Science",
	volume = "5124",
	year = "2008",
	isbn = "978-3-540-69900-2",
	bibsource = "DBLP, http://dblp.uni-trier.de"
}

@Article{ Devroye200461,
	author = "Luc Devroye and Christophe Lemaire and Jean-Michel Moreau",
	title = "Expected time analysis for Delaunay point location",
	journal = "Computational Geometry",
	volume = "29",
	number = "2",
	pages = "61--89",
	year = "2004",
	issn = "0925-7721",
	doi = "DOI: 10.1016/j.comgeo.2004.02.002",
	url = "http://www.sciencedirect.com/science/article/B6TYS-4C9HPK4-1/2/c798bcfc078143e6bf8d24eb042cdfe5"
}

@article{DBLP:journals/algorithmica/DevroyeMZ98,
  author    = {Luc Devroye and
               Ernst P. M{\"u}cke and
               Binhai Zhu},
  title     = {A Note on Point Location in Delaunay Triangulations of Random
               Points},
  journal   = {Algorithmica},
  volume    = {22},
  number    = {4},
  year      = {1998},
  pages     = {477-482},
  ee        = {http://dx.doi.org/10.1007/PL00009234},
  bibsource = {DBLP, http://dblp.uni-trier.de}
}

\%Books

@Book{ cg_book_2000,
	author = "Mark de Berg and Marc J. van Kreveld and Mark H. Overmars and Otfried Schwarzkopf",
	title = "Computational Geometry: Algorithms and Applications ",
	publisher = "Springer",
	year = "2000",
	edition = "2"
}

@Book{ cg_book_2008,
	author = "Mark de Berg and Marc J. van Kreveld and Mark H. Overmars and Otfried Schwarzkopf",
	title = "Computational Geometry: Algorithms and Applications ",
	publisher = "Springer",
	year = "2008",
	edition = "3"
}

@Book{ cormen_book_2004,
	title = "Introduction to Algorithms",
	author = "T. H. Cormen and C. E. Leiserson and R. L. Rivest and C. Stein",
	publisher = "MIT Press",
	year = "2004",
	edition = "2"
}

@Article{ deberg_et_al_1997,
	author = "Mark de Berg and Marc J. van Kreveld and Ren{\'e} van Oostrum and Mark H. Overmars",
	title = "Simple Traversal of a Subdivision Without Extra Storage",
	journal = "International Journal of Geographical Information Science",
	volume = "11",
	number = "4",
	year = "1997",
	pages = "359--373",
	bibsource = "DBLP, http://dblp.uni-trier.de"
}

@InProceedings{ DBLP:conf/cccg/BergBDKOGRSY96,
	author = "Mark de Berg and Prosenjit Bose and Katrin Dobrindt and Marc J. van Kreveld and Mark H. Overmars and Marko de Groot and Thomas Roos and Jack Snoeyink and Sidi Yu",
	title = "The Complexity of Rivers in Triangulated Terrains",
	booktitle = "CCCG",
	year = "1996",
	pages = "325--330",
	bibsource = "DBLP, http://dblp.uni-trier.de"
}

@Article{ dem_iac_lan_2004,
	AUTHOR = "Erik D. Demaine and John Iacono and Stefan Langerman",
	TITLE = "Worst-Case Optimal Tree Layout in a Memory Hierarchy",
	JOURNAL = "",
	VOLUME = "arXiv:cs/0410048v1 [cs:DS]",
	YEAR = 2004
}

@Article{ abdfrt_2004,
	AUTHOR = "Stephen Alstrup and Michael A. Bender and Erik D. Demaine and Martin Farach-Colton and Theis Rauhe and Mikkel Thorup",
	TITLE = "Efficient tree layout in a multilevel memory hierarchy",
	VOLUME = "arXiv:cs.DS/0211010 [cs:DS]",
	YEAR = 2004
}

BigOmega

@Article{ Frederickson87,
	author = "Greg N. Frederickson",
	title = "Fast Algorithms for Shortest Paths in Planar Graphs, with Applications",
	journal = "SIAM J. Comput.",
	volume = "16",
	number = "6",
	year = "1987",
	pages = "1004--1022",
	bibsource = "DBLP, http://dblp.uni-trier.de"
}

@Article{ gil_itai_1999,
	author = "Joseph Gil and Alon Itai",
	title = "How to Pack Trees",
	journal = "J. Algorithms",
	volume = "32",
	number = "2",
	year = "1999",
	pages = "108--132",
	bibsource = "DBLP, http://dblp.uni-trier.de"
}

@InProceedings{ gold_maydell_1978,
	author = "Christoper M Gold and Uri M Maydell",
	title = "Triangulation and spatial ordering in computer cartography",
	booktitle = "Proceedings Canadian Cartographic Association third annual meeting",
	year = "1978",
	pages = "69--81",
	ee = "http://www.voronoi.com/wiki//images/9/99/Triangular\\\\_element\\\\_data\\\\_structures.pdf"
}

@Article{ hutch_mesh_zeh_2003,
	AUTHOR = "David A Hutchinson and Anil Maheshwari and Norbert Zeh",
	TITLE = "An external memory data structure for shortest path queries",
	JOURNAL = "Discrete Applied Mathematics",
	VOLUME = 126,
	ISSUE = 1,
	PAGES = "55--82",
	YEAR = 2003
}

@Article{ jac_1989,
	AUTHOR = "Guy Jacobson",
	TITLE = "Space-efficient Static Trees and Graphs",
	JOURNAL = "FOCS",
	VOLUME = 42,
	PAGES = "549--554",
	YEAR = 1989
}

@InProceedings{ brodal_fagerberg_06,
	author = "Gerth Stolting Brodal and Rolf Fagerberg",
	title = "Cache-oblivious string dictionaries",
	booktitle = "SODA",
	year = "2006",
	isbn = "0-89871-605-5",
	pages = "581--590",
	location = "Miami, Florida",
	doi = "http://doi.acm.org/10.1145/1109557.1109621",
	publisher = "ACM",
	address = "New York, NY, USA"
}

@article{DBLP:journals/talg/LuY08,
  author    = {Hsueh-I Lu and
               Chia-Chi Yeh},
  title     = {Balanced parentheses strike back},
  journal   = {ACM Transactions on Algorithms},
  volume    = {4},
  number    = {3},
  year      = {2008},
  ee        = {http://doi.acm.org/10.1145/1367064.1367068},
  bibsource = {DBLP, http://dblp.uni-trier.de}
}

@Article{ DBLP:journals/siamcomp/ChiangLL05,
	author = "Yi-Ting Chiang and Ching-Chi Lin and Hsueh-I Lu",
	title = "Orderly Spanning Trees with Applications",
	journal = "SIAM J. Comput.",
	volume = "34",
	number = "4",
	year = "2005",
	pages = "924--945",
	ee = "http://dx.doi.org/10.1137/S0097539702411381",
	bibsource = "DBLP, http://dblp.uni-trier.de"
}

@Article{ DBLP:journals/corr/cs-DS-0102005,
	author = "Richie Chih-Nan Chuang and Ashim Garg and Xin He and Ming-Yang Kao and Hsueh-I Lu",
	title = "Compact Encodings of Planar Graphs via Canonical Orderings and Multiple Parentheses",
	journal = "CoRR",
	volume = "cs.DS/0102005",
	year = "2001",
	ee = "http://arxiv.org/abs/cs.DS/0102005",
	bibsource = "DBLP, http://dblp.uni-trier.de"
}

@PhDThesis{ clark_96t,
	Author = "David R Clark",
	Title = "Compact PAT Tries",
	School = "University of Waterloo",
	Year = "1996",
	Type = "{PhD} in {C}omputer Science"
}

@InProceedings{ clark_96,
	author = "David R. Clark and J. Ian Munro",
	title = "Efficient Suffix Trees on Secondary Storage",
	booktitle = "SODA",
	year = "1996",
	pages = "383--391",
	bibsource = "DBLP, http://dblp.uni-trier.de"
}

@Article{ DBLP:journals/siamcomp/Kirkpatrick83,
	author = "David G. Kirkpatrick",
	title = "Optimal Search in Planar Subdivisions",
	journal = "SIAM J. Comput.",
	volume = "12",
	number = "1",
	year = "1983",
	pages = "28--35",
	bibsource = "DBLP, http://dblp.uni-trier.de"
}

%Note: there is no DBLP entry for this. 
@Article{ lipton_tarjan_pst1979,
	title = "A Separator Theorem for Planar Graphs",
	author = "Richard J. Lipton and Robert Endre Tarjan",
	journal = "SIAM Journal on Applied Mathematics",
	volume = "36",
	number = "2",
	pages = "177--189",
	year = "1979",
	publisher = "Society for Industrial and Applied Mathematics",
	copyright = "Copyright © 1979 Society for Industrial and Applied Mathematics"
}

@Article{ DBLP:journals/siamcomp/LiptonT80,
	author = "Richard J. Lipton and Robert Endre Tarjan",
	title = "Applications of a Planar Separator Theorem",
	journal = "SIAM J. Comput.",
	volume = "9",
	number = "3",
	year = "1980",
	pages = "615--627",
	bibsource = "DBLP, http://dblp.uni-trier.de"
}

@Article{ miller_1986,
	author = "G Miller",
	title = "Balanced cyclic separator for 2-connected planar graphs",
	journal = "Journal of Computer and System Sciences",
	volume = "32",
	number = "3",
	year = "1986",
	pages = "265--279"
}

@Article{ ngv_1996,
	author = "Mark H. Nodine and Michael T. Goodrich and Jeffrey Scott Vitter",
	title = "Blocking for External Graph Searching",
	journal = "Algorithmica",
	volume = "16",
	number = "2",
	year = "1996",
	pages = "181--214",
	bibsource = "DBLP, http://dblp.uni-trier.de"
}

@InProceedings{ ram_ram_rao_2002,
	author = "Rajeev Raman and Venkatesh Raman and S. Srinivasa Rao",
	title = "Succinct indexable dictionaries with applications to encoding k-ary trees and multisets",
	booktitle = "SODA",
	year = "2002",
	isbn = "0-89871-513-X",
	pages = "233--242"
}

@InProceedings{ DBLP:conf/focs/MunroR97,
	author = "J. Ian Munro and Venkatesh Raman",
	title = "Succinct Representation of Balanced Parentheses, Static Trees and Planar Graphs",
	booktitle = "FOCS",
	year = "1997",
	pages = "118--126",
	ee = "http://computer.org/proceedings/focs/8197/81970118abs.htm",
	bibsource = "DBLP, http://dblp.uni-trier.de"
}

@Article{ munro_raman_01,
	author = "J. Ian Munro and Venkatesh Raman",
	title = "Succinct Representation of Balanced Parentheses and Static Trees",
	journal = "SIAM J. Comput.",
	volume = "31",
	number = "3",
	year = "2001",
	issn = "0097-5397",
	pages = "762--776",
	doi = "http://dx.doi.org/10.1137/S0097539799364092",
	publisher = "Society for Industrial and Applied Mathematics",
	address = "Philadelphia, PA, USA"
}

@Article{ benoit_et_al_2005,
	author = "David Benoit and Erik D. Demaine and J.Ian Munro and Rajeev Raman and Venkatesh Raman and S. Srinivasa Rao",
	title = "Representing Trees of Higher Degree",
	journal = "Algorithmica",
	volume = "43",
	number = "4",
	year = "2005",
	issn = "1432-0541",
	pages = "275--292"
}

@Article{ DBLP:journals/fttcs/Vitter06,
	author = "Jeffrey Scott Vitter",
	title = "Algorithms and Data Structures for External Memory",
	journal = "Foundations and Trends in Theoretical Computer Science",
	volume = "2",
	number = "4",
	year = "2006",
	pages = "305--474",
	ee = "http://dx.doi.org/10.1561/0400000014",
	bibsource = "DBLP, http://dblp.uni-trier.de"
}

@Article{ DBLP:journals/jacm/MillerTTV97,
	author = "Gary L. Miller and Shang-Hua Teng and William P. Thurston and Stephen A. Vavasis",
	title = "Separators for sphere-packings and nearest neighbor graphs",
	journal = "J. ACM",
	volume = "44",
	number = "1",
	year = "1997",
	pages = "1--29",
	ee = "http://doi.acm.org/10.1145/256292.256294",
	bibsource = "DBLP, http://dblp.uni-trier.de"
}

@Article{ teng:118,
	author = "Shang-Hua Teng",
	collaboration = "",
	title = "Fast Nested Dissection for Finite Element Meshes",
	publisher = "SIAM",
	year = "1997",
	journal = "SIAM Journal on Matrix Analysis and Applications",
	volume = "18",
	number = "3",
	pages = "552--565",
	keywords = "finite element meshes, geometric sampling, hierarchical computing, the multigrid, multilevel methods, nested dissection, 3D point location, separators, sparse matrix computations",
	url = "http://link.aip.org/link/?SML/18/552/1",
	doi = "10.1137/S0895479895284282"
}

@Proceedings{ DBLP:conf/stoc/STOC18,
	title = "Proceedings of the Eighteenth Annual ACM Symposium on Theory of Computing, 28-30 May 1986, Berkeley, California, USA",
	booktitle = "STOC",
	publisher = "ACM",
	year = "1986",
	bibsource = "DBLP, http://dblp.uni-trier.de"
}

@Book{ diestel_GT_2000,
	author = "Reinhard Diestel",
	title = "Graph Theory",
	publisher = "Springer-Verlag",
	year = "2000",
	edition = "2",
	series = "Graduate Texts in Mathematics"
}

@InProceedings{ CookReckhow_RAMModel,
	author = "Stephen A. Cook and Robert A. Reckhow",
	title = "Time-bounded random access machines",
	booktitle = "STOC '72: Proceedings of the fourth annual ACM symposium on Theory of computing",
	year = "1972",
	pages = "73--80",
	location = "Denver, Colorado, United States",
	doi = "http://doi.acm.org/10.1145/800152.804898",
	publisher = "ACM",
	address = "New York, NY, USA"
}

@Proceedings{ DBLP:conf/stacs/1998,
	editor = "Michel Morvan and Christoph Meinel and Daniel Krob",
	title = "STACS 98, 15th Annual Symposium on Theoretical Aspects of Computer Science, Paris, France, February 25-27, 1998, Proceedings",
	booktitle = "STACS",
	publisher = "Springer",
	series = "Lecture Notes in Computer Science",
	volume = "1373",
	year = "1998",
	isbn = "3-540-64230-7",
	bibsource = "DBLP, http://dblp.uni-trier.de"
}

@Article{ DBLP:journals/jct/BernhartK79,
	author = "Frank Bernhart and Paul C. Kainen",
	title = "The book thickness of a graph",
	journal = "J. Comb. Theory, Ser. B",
	volume = "27",
	number = "3",
	year = "1979",
	pages = "320--331",
	ee = "http://dx.doi.org/10.1016/0095-8956(79)90021-2",
	bibsource = "DBLP, http://dblp.uni-trier.de"
}

@Article{ DBLP:journals/dmtcs/GavoilleH08,
	author = "Cyril Gavoille and Nicolas Hanusse",
	title = "On Compact Encoding of Pagenumber k Graphs",
	journal = "Discrete Mathematics {\&} Theoretical Computer Science",
	volume = "10",
	number = "3",
	year = "2008",
	ee = "http://www.dmtcs.org/dmtcs-ojs/index.php/dmtcs/article/view/1019/2225",
	bibsource = "DBLP, http://dblp.uni-trier.de"
}

@Proceedings{ DBLP:conf/walcom/2008,
	editor = "Shin-Ichi Nakano and Md. Saidur Rahman",
	title = "WALCOM: Algorithms and Computation, Second International Workshop, WALCOM 2008, Dhaka, Bangladesh, February 7-8, 2008",
	booktitle = "WALCOM",
	publisher = "Springer",
	series = "Lecture Notes in Computer Science",
	volume = "4921",
	year = "2008",
	isbn = "978-3-540-77890-5",
	bibsource = "DBLP, http://dblp.uni-trier.de"
}

@Proceedings{ DBLP:conf/isaac/2007,
	editor = "Takeshi Tokuyama",
	title = "Algorithms and Computation, 18th International Symposium, ISAAC 2007, Sendai, Japan, December 17-19, 2007, Proceedings",
	booktitle = "ISAAC",
	publisher = "Springer",
	series = "Lecture Notes in Computer Science",
	volume = "4835",
	year = "2007",
	isbn = "978-3-540-77118-0",
	bibsource = "DBLP, http://dblp.uni-trier.de"
}

@Proceedings{ DBLP:conf/wads/2005,
	editor = {Frank K. H. A. Dehne and Alejandro L{\'o}pez-Ortiz and J{\"o}rg-R{\"u}diger Sack},
	title = "Algorithms and Data Structures, 9th International Workshop, WADS 2005, Waterloo, Canada, August 15-17, 2005, Proceedings",
	booktitle = "WADS",
	publisher = "Springer",
	series = "Lecture Notes in Computer Science",
	volume = "3608",
	year = "2005",
	isbn = "3-540-28101-0",
	bibsource = "DBLP, http://dblp.uni-trier.de"
}

@Article{ DBLP:journals/tcs/AleardiDS08,
	author = "Luca Castelli Aleardi and Olivier Devillers and Gilles Schaeffer",
	title = "Succinct representations of planar maps",
	journal = "Theor. Comput. Sci.",
	volume = "408",
	number = "2-3",
	year = "2008",
	pages = "174--187",
	ee = "http://dx.doi.org/10.1016/j.tcs.2008.08.016",
	bibsource = "DBLP, http://dblp.uni-trier.de"
}

@article{DBLP:journals/ijfcs/DevillersPT02,
  author    = {Olivier Devillers and
               Sylvain Pion and
               Monique Teillaud},
  title     = {Walking in a Triangulation},
  journal   = {Int. J. Found. Comput. Sci.},
  volume    = {13},
  number    = {2},
  year      = {2002},
  pages     = {181-199},
  ee        = {http://www.worldscinet.com/ijfcs/13/1302/S0129054102001047.html},
  bibsource = {DBLP, http://dblp.uni-trier.de}
}

@InProceedings{ DBLP:conf/soda/BlandfordBK03,
	author = "Daniel K. Blandford and Guy E. Blelloch and Ian A. Kash",
	title = "Compact representations of separable graphs",
	booktitle = "SODA",
	year = "2003",
	pages = "679--688",
	ee = "http://doi.acm.org/10.1145/644108.644219",
	bibsource = "DBLP, http://dblp.uni-trier.de"
}

@Article{ mttv_1998,
	author = "Gary L Miller and Shang-Hua Teng and William Thurston and Stephen A Vavasis",
	title = " Geometric Separators for Finite-Element Meshes ",
	journal = "SIAM J. Sci. Comput ",
	volume = "19",
	number = "2",
	year = "1998",
	pages = "364--386",
	publisher = " Society for Insustrial and Applied Mathematics ",
	address = "USA"
}

@Article{ DBLP:journals/comgeo/MuckeSZ99,
	author = {Ernst P. M{\"u}cke and Isaac Saias and Binhai Zhu},
	title = "Fast randomized point location without preprocessing in two- and three-dimensional Delaunay triangulations",
	journal = "Comput. Geom.",
	volume = "12",
	number = "1-2",
	year = "1999",
	pages = "63--83",
	bibsource = "DBLP, http://dblp.uni-trier.de"
}

@Article{ DBLP:journals/siamcomp/PreparataT92,
	author = "Franco P. Preparata and Roberto Tamassia",
	title = "Efficient Point Location in a Convex Spatial Cell-Complex",
	journal = "SIAM J. Comput.",
	volume = "21",
	number = "2",
	year = "1992",
	pages = "267--280",
	bibsource = "DBLP, http://dblp.uni-trier.de"
}

@article{DBLP:journals/toms/FriedmanBF77,
  author    = {Jerome H. Friedman and
               Jon Louis Bentley and
               Raphael A. Finkel},
  title     = {An Algorithm for Finding Best Matches in Logarithmic Expected
               Time},
  journal   = {ACM Trans. Math. Softw.},
  volume    = {3},
  number    = {3},
  year      = {1977},
  pages     = {209-226},
  ee        = {http://doi.acm.org/10.1145/355744.355745},
  bibsource = {DBLP, http://dblp.uni-trier.de}
}

@inproceedings{DBLP:conf/sigmod/Robinson81,
  author    = {John T. Robinson},
  title     = {The K-D-B-Tree: A Search Structure For Large Multidimensional
               Dynamic Indexes},
  booktitle = {SIGMOD Conference},
  year      = {1981},
  pages     = {10-18},
  ee        = {http://doi.acm.org/10.1145/582318.582321, db/conf/sigmod/Robinson81.html},
  crossref  = {DBLP:conf/sigmod/81},
  bibsource = {DBLP, http://dblp.uni-trier.de}
}

@proceedings{DBLP:conf/sigmod/81,
  editor    = {Y. Edmund Lien},
  title     = {Proceedings of the 1981 ACM SIGMOD International Conference
               on Management of Data, Ann Arbor, Michigan, April 29 - May
               1, 1981},
  publisher = {ACM Press},
  year      = {1981},
  bibsource = {DBLP, http://dblp.uni-trier.de}
}

@article{DBLP:journals/combinatorics/BaratMW06,
  author    = {J{\'a}nos Bar{\'a}t and
               Jir\'{\i} Matousek and
               David R. Wood},
  title     = {Bounded-Degree Graphs have Arbitrarily Large Geometric Thickness},
  journal   = {Electr. J. Comb.},
  volume    = {13},
  number    = {1},
  year      = {2006},
  ee        = {http://www.combinatorics.org/Volume_13/Abstracts/v13i1r3.html},
  bibsource = {DBLP, http://dblp.uni-trier.de}
}

@inproceedings{DBLP:conf/compgeom/DuncanEK04,
  author    = {Christian A. Duncan and
               David Eppstein and
               Stephen G. Kobourov},
  title     = {The geometric thickness of low degree graphs},
  booktitle = {Symposium on Computational Geometry},
  year      = {2004},
  pages     = {340-346},
  ee        = {http://doi.acm.org/10.1145/997817.997868},
  crossref  = {DBLP:conf/compgeom/2004},
  bibsource = {DBLP, http://dblp.uni-trier.de}
}
@proceedings{DBLP:conf/compgeom/2004,
  editor    = {Jack Snoeyink and
               Jean-Daniel Boissonnat},
  title     = {Proceedings of the 20th ACM Symposium on Computational Geometry,
               Brooklyn, New York, USA, June 8-11, 2004},
  booktitle = {Symposium on Computational Geometry},
  publisher = {ACM},
  year      = {2004},
  isbn      = {1-58113-885-7},
  bibsource = {DBLP, http://dblp.uni-trier.de}
}